@misc{pm2021,
  title={Press Conference - Australian Parliament House},
  url={https://www.pm.gov.au/media/press-conference-australian-parliament-house-12},
  year={2021},
  month={Jan}
}

@misc{gh2021a, title={Doorstop interview on 31 January 2021}, url={https://www.health.gov.au/ministers/the-hon-greg-hunt-mp/media/doorstop-interview-on-31-january-2021}, journal={Australian Government Department of Health}, publisher={Australian Government Department of Health}, author={Australian Government Department of Health}, year={2021}, month={Jan}}

@article{mckee2021can,
  title={What can we learn from Israelâ€™s rapid roll out of COVID 19 vaccination?},
  author={McKee, Martin and Rajan, Selina},
  journal={Israel Journal of Health Policy Research},
  volume={10},
  number={1},
  pages={1--4},
  year={2021},
  publisher={Springer}
}

@article{macdonald2015vaccine,
  title={Vaccine hesitancy: Definition, scope and determinants},
  author={MacDonald, Noni E and others},
  journal={Vaccine},
  volume={33},
  number={34},
  pages={4161--4164},
  year={2015},
  publisher={Elsevier}
}

@article{edwards2020covid,
  title={COVID-19 vaccine hesitancy and resistance: Correlates in a nationally representative longitudinal survey of the Australian population},
  author={Edwards, Ben and Biddle, Nicholas and Gray, Matthew and Sollis, Kate},
  journal={medRxiv},
  year={2020},
  publisher={Cold Spring Harbor Laboratory Press}
}
